@article{Frommer_1992,
	doi = {10.1073/pnas.89.5.1827},
	url = {https://doi.org/10.1073%2Fpnas.89.5.1827},
	year = 1992,
	month = {mar},
	publisher = {Proceedings of the National Academy of Sciences},
	volume = {89},
	number = {5},
	pages = {1827--1831},
	author = {M. Frommer and L. E. McDonald and D. S. Millar and C. M. Collis and F. Watt and G. W. Grigg and P. L. Molloy and C. L. Paul},
	title = {A genomic sequencing protocol that yields a positive display of 5-methylcytosine residues in individual {DNA} strands.},
	journal = {Proceedings of the National Academy of Sciences}
}

@article{Smallwood_2014,
	doi = {10.1038/nmeth.3035},
	url = {https://doi.org/10.1038%2Fnmeth.3035},
	year = 2014,
	month = {jul},
	publisher = {Springer Science and Business Media {LLC}},
	volume = {11},
	number = {8},
	pages = {817--820},
	author = {S{\'{e}}bastien A Smallwood and Heather J Lee and Christof Angermueller and Felix Krueger and Heba Saadeh and Julian Peat and Simon R Andrews and Oliver Stegle and Wolf Reik and Gavin Kelsey},
	title = {Single-cell genome-wide bisulfite sequencing for assessing epigenetic heterogeneity},
	journal = {Nature Methods}
}
